<?xml version="1.0" encoding="UTF-8"?><record xmlns="http://www.loc.gov/MARC21/slim" xmlns:cinclude="http://apache.org/cocoon/include/1.0" xmlns:zs="http://www.loc.gov/zing/srw/">
  <leader>02340cz  a2200277n  4500</leader>
  <controlfield tag="001">n 2013049842</controlfield>
  <controlfield tag="003">DLC</controlfield>
  <controlfield tag="005">20130821073749.0</controlfield>
  <controlfield tag="008">130808n| azannaabn          |b ana      </controlfield>
  <datafield tag="010" ind1=" " ind2=" ">
    <subfield code="a">n 2013049842</subfield>
  </datafield>
  <datafield tag="035" ind1=" " ind2=" ">
    <subfield code="a">(OCoLC)oca09540230</subfield>
  </datafield>
  <datafield tag="040" ind1=" " ind2=" ">
    <subfield code="a">DLC</subfield>
    <subfield code="b">eng</subfield>
    <subfield code="e">rda</subfield>
    <subfield code="c">DLC</subfield>
    <subfield code="d">DLC</subfield>
    <subfield code="d">IEN</subfield>
  </datafield>
  <datafield tag="046" ind1=" " ind2=" ">
    <subfield code="s">2011</subfield>
    <subfield code="t">2013</subfield>
  </datafield>
  <datafield tag="111" ind1="2" ind2=" ">
    <subfield code="a">Mezhdunarodnai︠a︡ konferent︠s︡ii︠a︡ "Bibliofilʹstvo i lichnye sobranii︠a︡"</subfield>
    <subfield code="n">(2nd :</subfield>
    <subfield code="d">2013 :</subfield>
    <subfield code="c">Moscow, Russia)</subfield>
  </datafield>
  <datafield tag="368" ind1=" " ind2=" ">
    <subfield code="a">Conferences</subfield>
  </datafield>
  <datafield tag="370" ind1=" " ind2=" ">
    <subfield code="c">Russia</subfield>
    <subfield code="f">Moscow, Russia</subfield>
  </datafield>
  <datafield tag="411" ind1="2" ind2=" ">
    <subfield code="a">Международная конференция "Библиофильство и личные собрания"</subfield>
    <subfield code="n">(2nd :</subfield>
    <subfield code="d">2013 :</subfield>
    <subfield code="c">Moscow, Russia)</subfield>
  </datafield>
  <datafield tag="411" ind1="2" ind2=" ">
    <subfield code="a">Konferent︠s︡ii︠a︡ "Bibliofilʹstvo i lichnye sobranii︠a︡", Mezhdunarodnai︠a︡</subfield>
    <subfield code="n">(2nd :</subfield>
    <subfield code="d">2013 :</subfield>
    <subfield code="c">Moscow, Russia)</subfield>
  </datafield>
  <datafield tag="411" ind1="2" ind2=" ">
    <subfield code="a">Конференция "Библиофильство и личные собрания", Международная</subfield>
    <subfield code="n">(2nd :</subfield>
    <subfield code="d">2013 :</subfield>
    <subfield code="c">Moscow, Russia)</subfield>
  </datafield>
  <datafield tag="411" ind1="2" ind2=" ">
    <subfield code="a">Mezhdunarodnai︠a︡ konferent︠s︡ii︠a︡ bibliofilov "Bibliofilʹstvo i lichnye sobranii︠a︡"</subfield>
    <subfield code="n">(2nd :</subfield>
    <subfield code="d">2013 :</subfield>
    <subfield code="c">Moscow, Russia)</subfield>
  </datafield>
  <datafield tag="411" ind1="2" ind2=" ">
    <subfield code="a">Международная конференция библиофилов "Библиофильство и личные собрания"</subfield>
    <subfield code="n">(2nd :</subfield>
    <subfield code="d">2013 :</subfield>
    <subfield code="c">Moscow, Russia)</subfield>
  </datafield>
  <datafield tag="411" ind1="2" ind2=" ">
    <subfield code="a">International Conference "Bibliolatry and private collections"</subfield>
    <subfield code="n">(2nd :</subfield>
    <subfield code="d">2013 :</subfield>
    <subfield code="c">Moscow, Russia)</subfield>
  </datafield>
  <datafield tag="411" ind1="2" ind2=" ">
    <subfield code="a">Conference "Bibliolatry and private collections", International</subfield>
    <subfield code="n">(2nd :</subfield>
    <subfield code="d">2013 :</subfield>
    <subfield code="c">Moscow, Russia)</subfield>
  </datafield>
  <datafield tag="411" ind1="2" ind2=" ">
    <subfield code="a">International Conference of Bibliophiles "Bibliolatry and private collections"</subfield>
    <subfield code="n">(2nd :</subfield>
    <subfield code="d">2013 :</subfield>
    <subfield code="c">Moscow, Russia)</subfield>
  </datafield>
  <datafield tag="667" ind1=" " ind2=" ">
    <subfield code="a">Non-Latin script reference not evaluated</subfield>
  </datafield>
  <datafield tag="670" ind1=" " ind2=" ">
    <subfield code="a">Bibliofilʹstvo i lichnye sobranii︠a︡, 2013:</subfield>
    <subfield code="b">preliminary page (Международная конференция Библиофильство и личные собрания" = Mezhdunarodnai︠a︡ konferent︠s︡ii︠a︡ "Bibliofilʹstvo i lichnye sobranii︠a︡") p. 455 (международной конференции библиофилов "Библиофильство и личные собрания" = mezhdunarodnoĭ konferent︠s︡ii bibliofilov "Bibliofilʹstvo i lichnye sobranii︠a︡") p. 445 (Bibliolatry and private collections ... Second International Conference of Bibliophiles)</subfield>
  </datafield>
</record>